@article{alvarez2002tabu,
  title={A tabu search algorithm for large-scale guillotine (un) constrained two-dimensional cutting problems},
  author={Alvarez-Vald{\'e}s, Ram{\'o}n and Paraj{\'o}n, Antonio and others},
  journal={Computers \& Operations Research},
  volume={29},
  number={7},
  pages={925--947},
  year={2002},
  publisher={Elsevier}
}
